<collection xmlns="http://www.loc.gov/MARC21/slim">
<record>
  <leader>02005nam0a22003611i 450 </leader>
  <controlfield tag="001">IT\ICCU\CNCE\024112</controlfield>
  <controlfield tag="005">20080515000000.0</controlfield>
  <datafield tag="012" ind1=" " ind2=" ">
    <subfield code="a">i-,o ,&amp;i- o.l- ledo (3) 1550 (R)</subfield>
    <subfield code="2">fei</subfield>
  </datafield>
  <datafield tag="100" ind1=" " ind2=" ">
    <subfield code="a">19970728d1550        0itac0103    ba</subfield>
  </datafield>
  <datafield tag="101" ind1=" " ind2=" ">
    <subfield code="a">ITA</subfield>
  </datafield>
  <datafield tag="102" ind1=" " ind2=" ">
    <subfield code="a">IT</subfield>
  </datafield>
  <datafield tag="200" ind1="1" ind2=" ">
    <subfield code="a">De la geomantia dell&apos;eccell. filosofo Gioanni Geber; parte prima. Con vna breuissima chiromantica phisionomia. Nouamente, dal nobil huomo m. Gnosio Piceno, ascolano, tradotti: e pur hora dati in luce</subfield>
  </datafield>
  <datafield tag="210" ind1=" " ind2=" ">
    <subfield code="a">\Venezia</subfield>
    <subfield code="c">Giovita Rapirio! 1550</subfield>
    <subfield code="e">In Vinegia</subfield>
    <subfield code="g">per Bartholomeo Cesano</subfield>
    <subfield code="h">1550</subfield>
  </datafield>
  <datafield tag="215" ind1=" " ind2=" ">
    <subfield code="a">60 c.</subfield>
    <subfield code="c">ill.</subfield>
    <subfield code="d">8ʻ</subfield>
  </datafield>
  <datafield tag="620" ind1=" " ind2=" ">
    <subfield code="a">IT</subfield>
    <subfield code="d">Venezia</subfield>
  </datafield>
  <datafield tag="700" ind1=" " ind2="0">
    <subfield code="a">Giabir</subfield>
    <subfield code="c"> : ibn#Hayyan</subfield>
    <subfield code="3">IT\ICCU\CNCA\006012</subfield>
  </datafield>
  <datafield tag="702" ind1=" " ind2="0">
    <subfield code="a">Gnosio</subfield>
    <subfield code="c"> : Piceno</subfield>
    <subfield code="3">IT\ICCU\CNCA\025994</subfield>
  </datafield>
  <datafield tag="712" ind1="0" ind2="0">
    <subfield code="a">Cesano, Bartolomeo</subfield>
    <subfield code="3">IT\ICCU\CNCT\000074</subfield>
    <subfield code="4">650</subfield>
  </datafield>
  <datafield tag="712" ind1="0" ind2="0">
    <subfield code="a">Rapirio, Giovita</subfield>
    <subfield code="3">IT\ICCU\CNCT\001085</subfield>
    <subfield code="4">650</subfield>
  </datafield>
  <datafield tag="790" ind1=" " ind2="0">
    <subfield code="a">Geber</subfield>
    <subfield code="3">IT\ICCU\CNCA\006013</subfield>
    <subfield code="z">Giabir : ibn#Hayyan</subfield>
  </datafield>
  <datafield tag="790" ind1=" " ind2="0">
    <subfield code="a">Jabir</subfield>
    <subfield code="c"> : ibn#Haiyan</subfield>
    <subfield code="3">IT\ICCU\CNCA\014546</subfield>
    <subfield code="z">Giabir : ibn#Hayyan</subfield>
  </datafield>
  <datafield tag="790" ind1=" " ind2="1">
    <subfield code="a">Piceno,</subfield>
    <subfield code="b">Gnosio</subfield>
    <subfield code="3">IT\ICCU\CNCA\027994</subfield>
    <subfield code="z">Gnosio : Piceno</subfield>
  </datafield>
  <datafield tag="790" ind1=" " ind2="0">
    <subfield code="a">Gneo</subfield>
    <subfield code="c"> : d&apos;#Ascoli</subfield>
    <subfield code="3">IT\ICCU\CNCA\028429</subfield>
    <subfield code="z">Gnosio : Piceno</subfield>
  </datafield>
  <datafield tag="791" ind1="0" ind2="0">
    <subfield code="a">Caesanus, Bartholomaeus</subfield>
    <subfield code="3">IT\ICCU\CNCT\003671</subfield>
    <subfield code="z">Cesano, Bartolomeo</subfield>
  </datafield>
  <datafield tag="791" ind1="0" ind2="0">
    <subfield code="a">Rapario, Giovita</subfield>
    <subfield code="3">IT\ICCU\CNCT\002298</subfield>
    <subfield code="z">Rapirio, Giovita</subfield>
  </datafield>
  <datafield tag="791" ind1="0" ind2="0">
    <subfield code="a">Rapicio, Giovita</subfield>
    <subfield code="3">IT\ICCU\CNCT\004066</subfield>
    <subfield code="z">Rapirio, Giovita</subfield>
  </datafield>
  <datafield tag="791" ind1="0" ind2="0">
    <subfield code="a">Ravizza, Giovita</subfield>
    <subfield code="3">IT\ICCU\CNCT\006387</subfield>
    <subfield code="z">Rapirio, Giovita</subfield>
  </datafield>
  <datafield tag="801" ind1=" " ind2="3">
    <subfield code="a">IT</subfield>
    <subfield code="b">ICCU</subfield>
    <subfield code="c">20201114</subfield>
  </datafield>
  <datafield tag="899" ind1=" " ind2=" ">
    <subfield code="a">Biblioteca civica Queriniana. Brescia</subfield>
    <subfield code="1">BS0026</subfield>
    <subfield code="2">ZBS 01</subfield>
  </datafield>
  <datafield tag="899" ind1=" " ind2=" ">
    <subfield code="a">Biblioteca nazionale centrale. Firenze</subfield>
    <subfield code="1">FI0098</subfield>
    <subfield code="2">CFI CF</subfield>
  </datafield>
  <datafield tag="899" ind1=" " ind2=" ">
    <subfield code="a">Biblioteca del Seminario Vescovile della Facolt ̉Teologica del Triveneto dell&apos;Istituto Filosofico Aloisianum. Padova</subfield>
    <subfield code="1">PD0073</subfield>
    <subfield code="2">PUV 01</subfield>
  </datafield>
  <datafield tag="911" ind1=" " ind2=" ">
    <subfield code="a">Sul front.</subfield>
    <subfield code="9">IT\ICCU\CNCM\000454</subfield>
  </datafield>
  <datafield tag="921" ind1=" " ind2=" ">
    <subfield code="a">IT\ICCU\CNCM\000454</subfield>
    <subfield code="b">Prudenza (donna che si riflette in uno specchio).</subfield>
    <subfield code="e">Prudentia negotia non fortuna ducat.</subfield>
    <subfield code="c">A139</subfield>
    <subfield code="c">V267</subfield>
    <subfield code="c">Z985</subfield>
    <subfield code="d">Dimensioni: 6,2 x 7,5</subfield>
    <subfield code="f">DONNA</subfield>
    <subfield code="f">PRUDENTIAN</subfield>
    <subfield code="f">PRUDENZA</subfield>
    <subfield code="f">SPECCHIO</subfield>
    <subfield code="g">1550-1590</subfield>
  </datafield>
</record>
</collection>
